@misc{intel-outperform,
    author = "Haihao Shen and Feng Tian and Xu Deng and Cong Xu and Andres Rodriguez and Indu K. and Wei Li",
    title = "Intel® CPU Outperforms NVIDIA* GPU on ResNet-50 Deep Learning Inference",
    journal = "Intel® AI Developer Program",
    year = "2019",
    month = "May",
    note = "\url{https://software.intel.com/en-us/articles/intel-cpu-outperforms-nvidia-gpu-on-resnet-50-deep-learning-inference}, Besucht am 16.09.2019"
}

@book{Goodfellow-et-al-2016,
    author = "Ian Goodfellow and Yoshua Bengio and Aaron Courville",
    title = "Deep Learning",
    publisher = "MIT Press",
    year = "2016",
    note = "\url{http://www.deeplearningbook.org}, S.29, 51, 78, 117, 124, 326, 327, 438-441, Besucht am 16.06.2019"
}

@article{benchmark-article,
    author = "Shaohuai Shi and Qiang Wang and Pengfei Xu and Xiaowen Chu",
    title = "Benchmarking State-of-the-Art Deep Learning Software Tools",
    journal = "CoRR",
    year = "2016",
    volume = "abs/1608.07249",
    note = "http://arxiv.org/abs/1608.07249"
}

@article{enrgyeffHWAccel,
    author = "Yunji Chen and Tianshi Chen and Zhiwei Xu and Ninghui Sun and Olivier Temam",
    title = "DianNao family: energy-efficient hardware accelerators for machine learning",
    journal = "Commun. ACM",
    year = "2016",
    volume = "59",
    pages = "105-112"
}

@article{nvidia-tensor,
    author = "Stefano Markidis andSteven Wei Der Chien andErwin Laure andIvy Bo Peng andJeffrey S. Vetter",
    title = "{NVIDIA} Tensor Core Programmability, Performance {\&} Precision",
    journal = "CoRR",
    year = "2018",
    volume = "abs/1803.04014",
    note = "http://arxiv.org/abs/1803.04014"
}

@article{gpu-mem-mngmnt,
    author = "Junzhe Zhang and Sai{-}Ho Yeung and Yao Shu and Bingsheng He and Wei Wang",
    title = "Efficient Memory Management for GPU-based Deep Learning Systems",
    journal = "CoRR",
    year = "2019",
    volume = "abs/1903.06631",
    note = "http://arxiv.org/abs/1903.06631"
}

@article{lecun-nature-15,
    author = "LeCun, Yann and Bengio, Yoshua and Hinton, Geoffrey",
    title = "Deep learning",
    journal = "Nature",
    year = "2015",
    volume = "521",
    number = "7553",
    pages = "436-444"
}

@incollection{imagenet-class,
    author = "Alex Krizhevsky and Sutskever, Ilya and Hinton, Geoffrey E",
    editor = "F. Pereira and C. J. C. Burges and L. Bottou and K. Q. Weinberger",
    title = "ImageNet Classification with Deep Convolutional Neural Networks",
    booktitle = "Advances in Neural Information Processing Systems 25",
    publisher = "Curran Associates, Inc.",
    year = "2012",
    pages = "1097--1105",
    note = "http://papers.nips.cc/paper/4824-imagenet-classification-with-deep-convolutional-neural-networks.pdf"
}

