@book{Goodfellow-et-al-2016,
    title={Deep Learning},
    author={Ian Goodfellow and Yoshua Bengio and Aaron Courville},
    publisher={MIT Press},
    note={\url{http://www.deeplearningbook.org}, S.29, 51, 78, 117, 124, 326, 327, 438-441, Besucht am 16.06.2019},
    year={2016}
}

@article{ lecun-nature-15,
  original = "orig/lecun-nature-15.pdf",
  title = "Deep learning",
  author = "LeCun, Yann and Bengio, Yoshua and Hinton, Geoffrey",
  journal = "Nature", 
  volume = "521",
  number = "7553",
  pages = "436-444",
  year = 2015
}

@article{nvidia-tensor,
  author    = {Stefano Markidis and
               Steven Wei Der Chien and
               Erwin Laure and
               Ivy Bo Peng and
               Jeffrey S. Vetter},
  title     = {{NVIDIA} Tensor Core Programmability, Performance {\&} Precision},
  journal   = {CoRR},
  volume    = {abs/1803.04014},
  year      = {2018},
  url       = {http://arxiv.org/abs/1803.04014},
  archivePrefix = {arXiv},
  eprint    = {1803.04014},
  timestamp = {Mon, 13 Aug 2018 16:46:46 +0200},
  biburl    = {https://dblp.org/rec/bib/journals/corr/abs-1803-04014},
  bibsource = {dblp computer science bibliography, https://dblp.org}
}

@article{cnn-inference-cpu,
  author    = {Yizhi Liu and
               Yao Wang and
               Ruofei Yu and
               Mu Li and
               Vin Sharma and
               Yida Wang},
  title     = {Optimizing {CNN} Model Inference on CPUs},
  journal   = {CoRR},
  volume    = {abs/1809.02697},
  year      = {2018},
  url       = {https://arxiv.org/abs/1809.02697v2},
  archivePrefix = {arXiv},
  eprint    = {1809.02697},
  timestamp = {Fri, 05 Oct 2018 11:34:52 +0200},
  biburl    = {https://dblp.org/rec/bib/journals/corr/abs-1809-02697},
  bibsource = {dblp computer science bibliography, https://dblp.org}
}

@article{benchmark-article,
  author    = {Shaohuai Shi and
               Qiang Wang and
               Pengfei Xu and
               Xiaowen Chu},
  title     = {Benchmarking State-of-the-Art Deep Learning Software Tools},
  journal   = {CoRR},
  volume    = {abs/1608.07249},
  year      = {2016},
  url       = {http://arxiv.org/abs/1608.07249},
  archivePrefix = {arXiv},
  eprint    = {1608.07249},
  timestamp = {Mon, 13 Aug 2018 16:47:57 +0200},
  biburl    = {https://dblp.org/rec/bib/journals/corr/ShiWXC16},
  bibsource = {dblp computer science bibliography, https://dblp.org}
}

@article{highly-scalable,
  author    = {Xianyan Jia and
               Shutao Song and
               Wei He and
               Yangzihao Wang and
               Haidong Rong and
               Feihu Zhou and
               Liqiang Xie and
               Zhenyu Guo and
               Yuanzhou Yang and
               Liwei Yu and
               Tiegang Chen and
               Guangxiao Hu and
               Shaohuai Shi and
               Xiaowen Chu},
  title     = {Highly Scalable Deep Learning Training System with Mixed-Precision:
               Training ImageNet in Four Minutes},
  journal   = {CoRR},
  volume    = {abs/1807.11205},
  year      = {2018},
  url       = {http://arxiv.org/abs/1807.11205},
  archivePrefix = {arXiv},
  eprint    = {1807.11205},
  timestamp = {Mon, 13 Aug 2018 16:47:25 +0200},
  biburl    = {https://dblp.org/rec/bib/journals/corr/abs-1807-11205},
  bibsource = {dblp computer science bibliography, https://dblp.org}
}

@article{gpu-mem-mngmnt,
  author    = {Junzhe Zhang and
               Sai{-}Ho Yeung and
               Yao Shu and
               Bingsheng He and
               Wei Wang},
  title     = {Efficient Memory Management for GPU-based Deep Learning Systems},
  journal   = {CoRR},
  volume    = {abs/1903.06631},
  year      = {2019},
  url       = {http://arxiv.org/abs/1903.06631},
  archivePrefix = {arXiv},
  eprint    = {1903.06631},
  timestamp = {Mon, 01 Apr 2019 14:07:37 +0200},
  biburl    = {https://dblp.org/rec/bib/journals/corr/abs-1903-06631},
  bibsource = {dblp computer science bibliography, https://dblp.org}
}

@article{enrgyeffHWAccel,
  title={DianNao family: energy-efficient hardware accelerators for machine learning},
  author={Yunji Chen and Tianshi Chen and Zhiwei Xu and Ninghui Sun and Olivier Temam},
  journal={Commun. ACM},
  year={2016},
  volume={59},
  pages={105-112}
}

@incollection{imagenet-class,
  title = {ImageNet Classification with Deep Convolutional Neural Networks},
  author = {Alex Krizhevsky and Sutskever, Ilya and Hinton, Geoffrey E},
  booktitle = {Advances in Neural Information Processing Systems 25},
  editor = {F. Pereira and C. J. C. Burges and L. Bottou and K. Q. Weinberger},
  pages = {1097--1105},
  year = {2012},
  publisher = {Curran Associates, Inc.},
  url = {http://papers.nips.cc/paper/4824-imagenet-classification-with-deep-convolutional-neural-networks.pdf}
}

@misc{accel-ai-gpu, 
  title={Accelerating AI with GPUs: A New Computing Model}, 
  journal={The Official NVIDIA Blog}, 
  author={Huang, Jensen}, 
  year={2016}, 
  month={Jan}, 
  note={\url{https://blogs.nvidia.com/blog/2016/01/12/accelerating-ai-artificial-intelligence-gpus/}, Besucht am 16.09.2019}
} 

@misc{intel-outperform, 
  title={Intel® CPU Outperforms NVIDIA* GPU on ResNet-50 Deep Learning Inference}, 
  journal={Intel® AI Developer Program}, 
  author={Haihao Shen and
         Feng Tian and
         Xu Deng and
         Cong Xu and
          Andres Rodriguez and
          Indu K. and 
          Wei Li}, 
  year={2019}, 
  month={May}, 
  note={\url{https://software.intel.com/en-us/articles/intel-cpu-outperforms-nvidia-gpu-on-resnet-50-deep-learning-inference}, Besucht am 16.09.2019}
} 
